<?xml version="1.0" encoding="UTF-8"?><record xmlns="http://www.loc.gov/MARC21/slim" xmlns:cinclude="http://apache.org/cocoon/include/1.0" xmlns:zs="http://www.loc.gov/zing/srw/">
  <leader>00538cz  a2200133n  4500</leader>
  <controlfield tag="001">n  82137212 </controlfield>
  <controlfield tag="003">DLC</controlfield>
  <controlfield tag="005">20120811081453.0</controlfield>
  <controlfield tag="008">830112n| acannaab           |n ana      </controlfield>
  <datafield tag="010" ind1=" " ind2=" ">
    <subfield code="a">n  82137212 </subfield>
  </datafield>
  <datafield tag="040" ind1=" " ind2=" ">
    <subfield code="a">DLC</subfield>
    <subfield code="b">eng</subfield>
    <subfield code="c">DLC</subfield>
    <subfield code="d">DLC</subfield>
  </datafield>
  <datafield tag="111" ind1="2" ind2=" ">
    <subfield code="a">Printed Circuit World Expo '81 West</subfield>
    <subfield code="d">(1981 :</subfield>
    <subfield code="c">Pasadena, Calif.)</subfield>
  </datafield>
  <datafield tag="667" ind1=" " ind2=" ">
    <subfield code="a">THIS 1XX FIELD CANNOT BE USED UNDER RDA UNTIL THIS RECORD HAS BEEN REVIEWED AND/OR UPDATED</subfield>
  </datafield>
  <datafield tag="670" ind1=" " ind2=" ">
    <subfield code="a">Its Proceedings, c1981:</subfield>
    <subfield code="b">cover (Printed Circuit World Expo '81 West, May 5, 6 &amp; 7, Pasadena Center, Pasadena, California)</subfield>
  </datafield>
</record>